@book{Tanenbaum,
 author = {Tanenbaum, Andrew S. and Steen, Maarten van},
 title = {Distributed Systems: Principles and Paradigms (2Nd Edition)},
 year = {2006},
 isbn = {0132392275},
 publisher = {Prentice-Hall, Inc.},
 address = {Upper Saddle River, NJ, USA},
}

@misc{MPI,
  title = {{MS Windows NT} Kernel Description},
  howpublished = {\url{https://www.open-mpi.org/}},
  note = {Accessed: 2017-06-02}
}

@misc{OMS,
  title = {Open Membership System, design documentation},
  howpublished = {\url{https://oms-project.atlassian.net/wiki/display/GENERAL/Design/}},
  note = {Accessed: 2017-06-03}
}

@misc{martinfowler2014microservices,
  title = {Microservices},
  howpublished = {\url{http://martinfowler.com/articles/microservices.html}},
  note = {Accessed: 2017-06-03}
}